<collection xmlns="http://www.loc.gov/MARC21/slim"><record><leader>00914nam  2200277   450</leader><controlfield tag="001">858</controlfield><controlfield tag="003">http://montalegre.opacnet.com/OPAC/default.aspx?ContentAreaControl=ShowRegHoldings.ascx&amp;RegNo=16662</controlfield><datafield tag="010" ind1=" " ind2=" "><subfield code="a">972-21-0612-0</subfield></datafield><datafield tag="021" ind1=" " ind2=" "><subfield code="a">PT</subfield><subfield code="b">48575/91</subfield></datafield><datafield tag="095" ind1=" " ind2=" "><subfield code="a">PTBN00352861</subfield></datafield><datafield tag="100" ind1=" " ind2=" "><subfield code="a">19920103d1991    de y0pory010305  ba</subfield></datafield><datafield tag="101" ind1="1" ind2=" "><subfield code="a">por</subfield><subfield code="c">ita</subfield></datafield><datafield tag="102" ind1=" " ind2=" "><subfield code="a">PT</subfield></datafield><datafield tag="105" ind1=" " ind2=" "><subfield code="a">a   z   001ay</subfield></datafield><datafield tag="106" ind1=" " ind2=" "><subfield code="a">r</subfield></datafield><datafield tag="200" ind1="1" ind2=" "><subfield code="a">Zé Jasmim na terra dos aldrabões</subfield><subfield code="f">Gianni Rodari</subfield><subfield code="g">trad. José Colaço Barreiros</subfield><subfield code="g">il. Raúl Verdini</subfield></datafield><datafield tag="210" ind1=" " ind2=" "><subfield code="a">Lisboa</subfield><subfield code="c">Caminho</subfield><subfield code="d">imp. 1991</subfield></datafield><datafield tag="215" ind1=" " ind2=" "><subfield code="a">187 p.</subfield><subfield code="c">il.</subfield><subfield code="d">19 cm</subfield></datafield><datafield tag="225" ind1="2" ind2=" "><subfield code="a">De par em par</subfield></datafield><datafield tag="304" ind1=" " ind2=" "><subfield code="a">Tít. orig.: Gelsomino nel paese dei bugiardi</subfield></datafield><datafield tag="675" ind1=" " ind2=" "><subfield code="a">087.5</subfield><subfield code="v">BN</subfield><subfield code="z">por</subfield></datafield><datafield tag="700" ind1=" " ind2="1"><subfield code="a">Rodari</subfield><subfield code="b">Gianni</subfield><subfield code="f">1920-1980</subfield></datafield><datafield tag="702" ind1=" " ind2="1"><subfield code="a">Barreiros</subfield><subfield code="b">José Colaço</subfield><subfield code="f">1949-</subfield><subfield code="4">730</subfield></datafield><datafield tag="702" ind1=" " ind2="1"><subfield code="a">Verdini</subfield><subfield code="b">Raúl</subfield><subfield code="4">440</subfield></datafield><datafield tag="801" ind1=" " ind2="0"><subfield code="a">PT</subfield><subfield code="b">Biblioteca Municipal de Montalegre</subfield><subfield code="g">RPC</subfield></datafield><datafield tag="856" ind1=" " ind2=" "><subfield code="u">locateMedia.asp?cod=20060627105432&amp;ext=jpg</subfield><subfield code="z">CAPA</subfield></datafield><datafield tag="909" ind1="&#9;" ind2=" "><subfield code="a">1</subfield></datafield><datafield tag="966" ind1=" " ind2=" "><subfield code="a">0002923</subfield><subfield code="l">BMM</subfield><subfield code="s">SJ 087.5 ROD zé</subfield></datafield></record></collection>